@article{loa_2016, title={Lion Optimization Algorithm (LOA): A nature-inspired metaheuristic algorithm}, volume={3}, DOI={10.1016/j.jcde.2015.06.003}, number={1}, journal={Journal of Computational Design and Engineering}, author={Yazdani, Maziar and Jolai, Fariborz}, year={2016}, pages={24–36}}
@article{desale_2015,
author = {Desale, Sachin and Rasool, Akhtar and Andhale, Sushil and Rane, Priti},
year = {2015},
month = {01},
pages = {2349-7084},
title = {Heuristic and Meta-Heuristic Algorithms and Their Relevance to the Real World: A Survey},
volume = {351},
booktitle = {INTERNATIONAL JOURNAL OF COMPUTER ENGINEERING IN RESEARCH TRENDS}
}
@book{holland_2010, place={Cambridge, MA}, title={Adaptation in natural and artificial systems: an introductory analysis with applications to biology, control, and artificial intelligence}, publisher={MIT Press}, author={Holland, John H.}, year={2010}}
@article{eberhart_kennedy_1995, title={A new optimizer using particle swarm theory}, DOI={10.1109/mhs.1995.494215}, journal={MHS95. Proceedings of the Sixth International Symposium on Micro Machine and Human Science}, author={Eberhart, R. and Kennedy, J.}, year={1995}}
@article{rajakumar_2012, title={The Lions Algorithm: A New Nature-Inspired Search Algorithm}, volume={6}, DOI={10.1016/j.protcy.2012.10.016}, journal={Procedia Technology}, author={Rajakumar, B.r.}, year={2012}, pages={126–135}}
@article{liang_2013,
author = {J. J. Liang, B-Y. Qu, P. N. Suganthan},
year = {2013},
month = {12},
title = {Problem Definitions and Evaluation Criteria for the CEC 2014 Special Session and Competition on Single Objective Real-Parameter Numerical Optimization},
place = {Computational Intelligence Laboratory, Zhengzhou University, Zhengzhou, China  and  Technical Report, Nanyang Technological University, Singapore}
}
